%Ejemplos
@book{koza92,
		author    = "Koza, John R.",
		title     = "Genetic Programming: On the Programming of Computers by Means of Natural Selection",
		publisher = "MIT Press",
		year      = "1992"
}


@misc{ wiki:latex,
       author = "Wikipedia",
       title = "LaTeX --- Wikipedia{,} La enciclopedia libre",
       year = "2015",
       url = "https://es.wikipedia.org/w/index.php?title=LaTeX&oldid=84209252",
       note = "[Internet; descargado 30-septiembre-2015]"
}


@article{bortolot2005,
  title={Estimating forest biomass using small footprint LiDAR data: An individual tree-based approach that incorporates training data},
  author={Bortolot, Zachary J and Wynne, Randolph H},
  journal={ISPRS Journal of Photogrammetry and Remote Sensing},
  volume={59},
  number={6},
  pages={342--360},
  year={2005},
  publisher={Elsevier}
}

%Introducción y bojetivos del proyecto
@misc{ wiki:micologia,
       author = "Wikipedia",
       title = "Micología --- Wikipedia{,} La enciclopedia libre",
       year = "2017",
       url = "https://es.wikipedia.org/w/index.php?title=Micolog%C3%ADa&oldid=101680278",
       note = "[Internet; descargado 8-noviembre-2017]"
}

@misc{ wiki:fungi,
       author = "Wikipedia",
       title = "Fungi --- Wikipedia{,} La enciclopedia libre",
       year = "2017",
       url = "https://es.wikipedia.org/w/index.php?title=Fungi&oldid=103210427",
       note = "[Internet; descargado 8-noviembre-2017]"
}

@misc{ setas,
       author = "dipualba",
       title = "El reino de los hongos",
       year = "2010",
       url = "http://www.dipualba.es/micologica/setas.html",
       note = "[Internet; descargado 8-noviembre-2017]"
}

@misc{ partesSeta,
       author = "Florencio",
       title = "Las setas y sus características",
       year = "",
       url = "http://plantas.facilisimo.com/reportajes/plantas/las-setas-y-sus-caracteristicas_945205.html",
       note = "[Internet; descargado 8-noviembre-2017]"
}

%Conceptos teóricos

@misc{ redesNeurnalesUno,
       author = "Universidad de Salamanca",
       title = "Redes neuronales",
       year = "",
       url = "http://avellano.usal.es/~lalonso/RNA/index.htm",
       note = "[Internet; descargado 9-noviembre-2017]"
}

@misc{ wiki:redesNeuronalesArtificiales,
       author = "Wikipedia",
       title = "Red neuronal artificial --- Wikipedia{,} La enciclopedia libre",
       year = "2017",
       url = "https://es.wikipedia.org/w/index.php?title=Red_neuronal_artificial&oldid=102835245",
       note = "[Internet; descargado 9-noviembre-2017]"
}

@misc{ wiki:tiposInteligenciaArtificial,
       author = "Wikipedia",
       title = "Inteligencia artificial --- Wikipedia{,} La enciclopedia libre",
       year = "2017",
       url = "https://es.wikipedia.org/w/index.php?title=Inteligencia_artificial&oldid=103269873",
       note = "[Internet; descargado 10-noviembre-2017]"
}

@misc{ wiki:aprendizajeAutomatico,
       author = "Wikipedia",
       title = "Aprendizaje automático --- Wikipedia{,} La enciclopedia libre",
       year = "2017",
       url = "https://es.wikipedia.org/w/index.php?title=Aprendizaje_autom%C3%A1tico&oldid=102820934",
       note = "[Internet; descargado 10-noviembre-2017]"
}

@misc{ wiki:aprendizaheSupervisado,
       author = "Wikipedia",
       title = "Aprendizaje supervisado --- Wikipedia{,} La enciclopedia libre",
       year = "2017",
       url = "https://es.wikipedia.org/w/index.php?title=Aprendizaje_supervisado&oldid=101774131",
       note = "[Internet; descargado 10-noviembre-2017]"
}

@misc{ wiki:aprendizajeNoSupervisado,
       author = "Wikipedia",
       title = "Aprendizaje no supervisado --- Wikipedia{,} La enciclopedia libre",
       year = "2017",
       url = "https://es.wikipedia.org/w/index.php?title=Aprendizaje_no_supervisado&oldid=99056072",
       note = "[Internet; descargado 10-noviembre-2017]"
}

@article{mobilenet,
  author    = {Andrew G. Howard and
               Menglong Zhu and
               Bo Chen and
               Dmitry Kalenichenko and
               Weijun Wang and
               Tobias Weyand and
               Marco Andreetto and
               Hartwig Adam},
  title     = {MobileNets: Efficient Convolutional Neural Networks for Mobile Vision
               Applications},
  journal   = {CoRR},
  volume    = {abs/1704.04861},
  year      = {2017},
  url       = {http://arxiv.org/abs/1704.04861},
  archivePrefix = {arXiv},
  eprint    = {1704.04861},
  timestamp = {Wed, 07 Jun 2017 14:40:11 +0200},
  biburl    = {http://dblp.org/rec/bib/journals/corr/HowardZCKWWAA17},
  bibsource = {dblp computer science bibliography, http://dblp.org}
}

